<?xml version="1.0" encoding="UTF-8"?><collection xmlns="http://www.loc.gov/MARC21/slim"><record><leader>00456nam--2200157-i-4500</leader><controlfield tag="001">000012349</controlfield><controlfield tag="002">20161230</controlfield><controlfield tag="005">20161230201029</controlfield><controlfield tag="008">060222s1000------------r-----000-0-eng-d</controlfield><datafield ind1=" " ind2=" " tag="080"><subfield code="a">513.078.3(061.3)(082.1)</subfield></datafield><datafield ind1=" " ind2=" " tag="245"><subfield code="a">Modular functions of the variable iv. proceedings....</subfield></datafield><datafield ind1=" " ind2=" " tag="260"><subfield code="a">Berlin,Springer-verlag,1975. 150 P</subfield></datafield><datafield ind1=" " ind2=" " tag="490"><subfield code="a">Lecture Notes In Mathematics</subfield></datafield><datafield ind1=" " ind2=" " tag="700"><subfield code="a">Birch,B.J./S.A.</subfield></datafield><datafield ind1=" " ind2=" " tag="852"><subfield code="a">45387</subfield><subfield code="c">515/516</subfield></datafield><datafield ind1=" " ind2=" " tag="CAT"><subfield code="a">Sys</subfield><subfield code="c">20080612</subfield><subfield code="h">111319</subfield></datafield></record></collection>